@article{maxwell_em,
	author = {Maxwell, James C.},
	title = {VIII. A dynamical theory of the electromagnetic field},
	journal = {Phil. Trans. R. Soc.},
	year = {1865},
	volume = {155},
	pages = {459--512},
	doi = {10.1098/rstl.1865.0008},
}

@book{griffiths-ed,
	author = {Griffiths, David J.},
	title = {Introduction to electrodynamics},
	edition = {4},
	address = {Cambridge},
	publisher = {Cambridge University Press},
	year = {2017},
	isbn = {978-1-108-42041-9},
	ooi = {10.1017/9781108333511}
}

@article{einstein_rel,
	author = {Einstein, Albert},
	title = {Zur Elektrodynamik bewegter K\"orper},
	journal = {Annalen der Physik},
	year = {1905},
	volume = {17},
	pages = {891},
	doi = {10.1002/andp.19053221004}
}

@book{soper_classical,
	author = {Soper, Davison E.},
	title = {Classical field theory},
	edition = {Dover},
	publisher = {Dover},
	year = {2008},
	isbn = {978-0-486-46260-8},
}

@book{lee_manifolds,
	author = {Lee, Jeffrey M.},
	title = {Manifolds and differential geometry},
	series = {Graduate studies in mathematics},
	volume = {107},
	address = {Providence, RI},
	publisher = {American Mathematical Society},
	year = {2009},
	isbn = {978-1-4704-6982-5},
	url = {https://bookstore.ams.org/gsm-107},
	urldate = {2022-10-28},
}

@book{lee_supplement,
	author = {Lee, Jeffrey M.},
	title = {Online supplement for ``Manifolds and differential geometry''},
	year = {2012},
	url = {https://www.ams.org/bookpages/gsm-107/Supp.pdf},
	urldate = {2023-01-23},
}

@book{naber_topology,
	author = {Naber, Gregory L.},
	title = {Topology, geometry and gauge fields},
	subtitle = {Foundations},
	edition = {2},
	series = {Texts in {Applied} {Mathematics}},
	volume = {25},
	address = {New York, NY},
	publisher = {Springer},
	year = {2011},
	doi = {10.1007/978-1-4419-7254-5},
	url = {http://link.springer.com/10.1007/978-1-4419-7254-5},
	urldate = {2022-10-28},
}

@book{nakahara_geometry,
	author = {Nakahara, Mikio},
	title = {Geometry, topology and physics},
	edition = {2},
	address = {Boca Raton},
	publisher = {CRC Press},
	year = {2017},
	doi = {10.1201/9781315275826},
	url = {https://www.taylorfrancis.com/books/9781420056945},
	urldate = {2022-10-28},
}

@book{bleecker_gauge,
	author = {Bleecker, David},
	title = {Gauge theory and variational principles},
	series = {Global analysis, pure and applied},
	volume = {1},
	address = {Reading, MA},
	publisher = {Addison--Wesley Publishing Company, Inc.},
	year = {1981},
	isbn = {0-201-10096-7},
}

@book{kolar_natural,
	author = {Kol\'{a}\v{r}, Ivan and Michor, Peter W. and Slov\'{a}k, Jan},
	title = {Natural operations in differential geometry},
	edition = {Electronic},
	address = {Berlin etc.},
	publisher = {Springer--Verlag},
	year = {1993},
	isbn = {3-540-56235-4},
	url = {https://www.emis.de/monographs/KSM},
	urldate = {2022-10-31},
}

@book{knapp_lie,
	author = {Knapp, Anthony W.},
	title = {Lie groups beyond an introduction},
	edition = {2},
	series = {Progress in mathematics},
	volume = {140},
	address = {Boston, MA},
	publisher = {Birkh\"auser},
	year = {2002},
	isbn = {0-8176-4259-5},
}

@book{libermann_symplectic,
	author = {Libermann, Paulette and Marle, Charles},
	title = {Symplectic geometry and analytical mechanics},
	series = {Mathematics and its applications},
	address = {Dordrecht},
	publisher = {D. Reidel Publishing Company},
	year = {1987},
	isbn = {90-277-2438-5},
	url = {https://archive.org/details/symplecticgeomet0000libe},
	urldate = {2022-11-4},
}

@book{hamilton_gauge,
	author = {Hamilton, Mark J.\ D.},
	title = {Mathematical gauge theory},
	edition = {Electronic},
	subtitle = {With applications to the Standard Model of particle physics},
	series = {Universitext},
	address = {Cham},
	publisher = {Springer},
	year = {2017},
	doi = {10.1007/978-3-319-68439-0},
}

@book{frankel_geometry,
	author = {Frankel, Theodore},
	title = {The geometry of physics},
	subtitle = {An introduction},
	edition = {3},
	address = {Cambridge},
	publisher = {Cambridge University Press},
	year = {2012},
	isbn = {978-1-107-60260-1},
}

@book{tong_gauge,
	author = {Tong, David},
	title = {Gauge theory},
	year = {2018},
	institute = {University of Cambridge},
	url = {http://www.damtp.cam.ac.uk/user/tong/gaugetheory.html},
	notes = {Online lecture notes},
}